@article{Rasheed2020Digital,
title={Digital Twin: Values, Challenges and Enablers From a Modeling Perspective},
author={A. Rasheed and O. San and T. Kvamsdal},
journal={IEEE Access},
year={2020},
volume={8},
pages={21980-22012},
doi={10.1109/ACCESS.2020.2970143}
}
@article{Duan2021Design,
title={Design and application of digital twin system for the blade-rotor test rig},
author={Jianguo Duan and Tian-Yu Ma and Qinglei Zhang and Zhen Liu and Jinfeng Qin},
journal={Journal of Intelligent Manufacturing},
year={2021},
volume={34},
pages={753-769},
doi={10.1007/s10845-021-01824-w}
}
@article{Zhang2020A,
title={A Product Quality Monitor Model With the Digital Twin Model and the Stacked Auto Encoder},
author={Shizheng Zhang and C. Kang and Zhifeng Liu and Juan Wu and C. Ma},
journal={IEEE Access},
year={2020},
volume={8},
pages={113826-113836},
doi={10.1109/ACCESS.2020.3003723}
}
@article{Ritto2021Digital,
title={Digital twin, physics-based model, and machine learning applied to damage detection in structures},
author={TG Ritto and FA Rochinha},
journal={Mechanical Systems and Signal Processing},
year={2021},
volume={155},
pages={107614},
doi={10.1016/J.YMSSP.2021.107614}
}
@article{Balyakin2021Digital,
title={Digital Twins vs Digital Trace in Megascience Projects},
author={A. Balyakin and N. Nurakhov and Marina V. Nurbina},
journal={Information Technology and Systems},
year={2021},
volume={1330},
pages={534 - 539},
doi={10.1007/978-3-030-68285-9_50}
}
@article{Gurov2020Injection,
title={Injection System for the Siberian Ring Source of Photons},
author={S. Gurov and V. Volkov and K. Zolotarev and A. Levichev},
journal={Journal of Surface Investigation: X-ray, Synchrotron and Neutron Techniques},
year={2020},
volume={14},
pages={651 - 654},
doi={10.1134/S1027451020030271}
}
@article{Maltseva2022Beam,
title={Beam loss monitoring system for the SKIF synchrotron light source},
author={Yu I Maltseva and S. Ivanenko and A. Khilchenko and X.C. Ma and O. Meshkov and A.A. Morsina and E. Puryga},
journal={Journal of Instrumentation},
year={2022},
volume={17},
doi={10.1088/1748-0221/17/05/T05004}
}
@article{Kabov2021Device,
title={Device cooling features in wiggler synchrotron workstations},
author={O. Kabov and Ya. V. Zubavichus and K. Cooper and M. V. Pukhovoy and V. V. Vinokurov and K. Finnikov and F. Ronshin and A. Nikitin and E. Bykovskaya and V. A. Vinokurov and A. Mungalov and I. Marchuk},
journal={Journal of Physics: Conference Series},
year={2021},
volume={2119},
doi={10.1088/1742-6596/2119/1/012129}
}
@article{Grishina2020Analysis,
title={Analysis of Regular Accelerating Structures of a Linear Accelerator for the Injector of Siberian Photon Ring Source},
author={K. A. Grishina and A. Andrianov and M. Arsentyeva and A. Barnyakov and A. Levichev and I. Pivovarov and S. Samoylov},
journal={Physics of Particles and Nuclei Letters},
year={2020},
volume={17},
pages={65 - 72},
doi={10.1134/S1547477120010082}
}
@article{Polyansky2022The,
title={The alignment strategy for the Skif synchrotron radiation source},
author={A. Polyansky and V. Krapivin and D. Burenkov and E. S. Vonda and L. Serdakov},
journal={Vestnik SSUGT (Siberian State University of Geosystems and Technologies)},
year={2022},
doi={10.33764/2411-1759-2022-27-5-67-76}
}
@article{Dudarev2021Study,
title={Study of thermophysics during diamond drilling of fibreglass and carbon fibre-reinforced polymer composites},
author={A. Dudarev and E. K. Gumarov},
journal={Proceedings of Irkutsk State Technical University},
year={2021},
doi={10.21285/1814-3520-2021-3-290-299}
}
@article{Bachmann2017Numerical,
title={Numerical simulation of thermally induced residual stresses in friction stir welding of aluminum alloy 2024-T3 at different welding speeds},
author={M. Bachmann and J. Carstensen and L. Bergmann and J. D. dos Santos and Chuansong Wu and M. Rethmeier},
journal={The International Journal of Advanced Manufacturing Technology},
year={2017},
volume={91},
pages={1443-1452},
doi={10.1007/S00170-016-9793-8}
}
@article{Codau2022Heat,
title={Heat transfer simulation through textile porous media},
author={Elena Codau and Teodor-Cezar Codau and I. Lupu and Aliona Raru and D. Farîma},
journal={The Journal of The Textile Institute},
year={2022},
volume={114},
pages={257 - 264},
doi={10.1080/00405000.2022.2027608}
}
@article{Boucher2020COMSOL,
title={COMSOL Multiphysics®: Modeling ray optics},
author={C. Boucher},
year={2020},
doi={10.1117/12.2581506}
}
@article{Gerlich2013COMSOL,
title={COMSOL Multiphysics validation as simulation software for heat transfer calculation in buildings: Building simulation software validation},
author={V. Gerlich and K. Sulovská and M. Zálešák},
journal={Measurement},
year={2013},
volume={46},
pages={2003-2012},
doi={10.1016/J.MEASUREMENT.2013.02.020}
}
@article{Carasi2017SIMULATING,
title={SIMULATING HEAT TRANSFER PHENOMENA WITH COMSOL MULTIPHYSICS},
author={Beatrice Carasi},
year={2017},
doi={10.1615/ICHMT.2017.CHT-7.620}
}
@article{Guo2009Application,
title={Application of Least Squares Support Vector Machine for Regression to Reliability Analysis},
author={Zhiwei Guo and Guangchen Bai},
journal={Chinese Journal of Aeronautics},
year={2009},
volume={22},
pages={160-166},
doi={10.1016/S1000-9361(08)60082-5}
}
@article{Rivas-Perea2013Support,
title={Support Vector Machines for Regression: A Succinct Review of Large-Scale and Linear Programming Formulations},
author={P. Rivas-Perea and Juan Cota-Ruiz and David García Chaparro and J. A. P. Venzor and Abel Eduardo Quezada Carreón and J. Rosiles},
journal={International Journal of Intelligent Systems},
year={2013},
volume={3},
pages={5-14},
doi={10.4236/IJIS.2013.31002}
}
@article{Lahiri2008Prediction,
title={Prediction of Pressure Drop of Slurry Flow in Pipeline by Hybrid Support Vector Regression and Genetic Algorithm Model},
author={S. Lahiri and K. C. Ghanta},
journal={Chinese Journal of Chemical Engineering},
year={2008},
volume={16},
pages={841-848},
doi={10.1016/S1004-9541(09)60003-3}
}
@article{Wu2018Predictive,
title={Predictive modelling of surface roughness in fused deposition modelling using data fusion},
author={Dazhong Wu and Yupeng Wei and J. Terpenny},
journal={International Journal of Production Research},
year={2018},
volume={57},
pages={3992 - 4006},
doi={10.1080/00207543.2018.1505058}
}
@article{python2021python,
  title={Python},
  author={Python, Why},
  journal={Python Releases for Windows},
  volume={24},
  year={2021},
  publisher={Citeseer}
}
@article{kramer2016scikit,
  title={Scikit-learn},
  author={Kramer, Oliver and Kramer, Oliver},
  journal={Machine learning for evolution strategies},
  pages={45--53},
  year={2016},
  publisher={Springer}
}
